<record><leader>00000cas a22000007a 4500</leader><controlfield tag="001">16117387</controlfield><controlfield tag="008">870701c19869999txuwr ne      0   a0eng d</controlfield><datafield ind1=" " ind2=" " tag="010"><subfield code="a">sn 87002010 </subfield></datafield><datafield ind1=" " ind2=" " tag="040"><subfield code="a">NSD</subfield><subfield code="b">eng</subfield><subfield code="c">NSD</subfield><subfield code="d">PPM</subfield><subfield code="d">OCLCQ</subfield></datafield><datafield ind1=" " ind2=" " tag="012"><subfield code="m">1</subfield></datafield><datafield ind1="1" ind2=" " tag="022"><subfield code="a">0894-4989</subfield><subfield code="l">0894-4989</subfield><subfield code="2">1</subfield></datafield><datafield ind1=" " ind2=" " tag="032"><subfield code="a">001024</subfield><subfield code="b">USPS</subfield></datafield><datafield ind1=" " ind2=" " tag="037"><subfield code="b">Duval County Picture, 209 S. Gunter, P.O. Box 351, San Diego, TX 78384-0351</subfield></datafield><datafield ind1=" " ind2=" " tag="042"><subfield code="a">nsdp</subfield></datafield><datafield ind1=" " ind2="0" tag="222"><subfield code="a">Duval County picture</subfield></datafield><datafield ind1="0" ind2="0" tag="245"><subfield code="a">Duval County picture.</subfield></datafield><datafield ind1=" " ind2=" " tag="260"><subfield code="a">San Diego, Tex. :</subfield><subfield code="b">Duval Pub. Co.,</subfield></datafield><datafield ind1=" " ind2=" " tag="310"><subfield code="a">Weekly</subfield></datafield><datafield ind1="0" ind2=" " tag="362"><subfield code="a">Vol. 1, no. 1 (Oct. 1, 1986)-</subfield></datafield><datafield ind1=" " ind2=" " tag="752"><subfield code="a">United States</subfield><subfield code="b">Texas</subfield><subfield code="c">Duval</subfield><subfield code="d">San Diego.</subfield></datafield><datafield ind1=" " ind2=" " tag="936"><subfield code="a">Vol. 2, no. 24 (Wednesday, June 17, 1987) LIC</subfield></datafield></record>